@article{Clontz2015,
title = "Zero-Markov information in topological games",
journal = "Alabama Journal of Mathematics",
volume = "39",
number = "",
pages = "",
year = "2015",
note = "",
issn = "2373-0404",
doi = "",
url = "http://ajmonline.org/ojs/index.php/AJM/article/view/55",
author = "Steven Clontz"
}

@article{Clontz2010,
title = "Applications of Stationary Sets in Set Theoretic Topology",
journal = "",
volume = "",
number = "",
pages = "",
year = "2010",
note = "",
issn = "",
doi = "",
url = "https://etd.auburn.edu/bitstream/handle/10415/2368/masters%20ETD%20final%20draft.pdf?sequence=2",
author = "Steven Clontz"
}